<record><leader>00000cas a22000007a 4500</leader><controlfield tag="001">15170037</controlfield><controlfield tag="008">870209d18741880mouwr ne      0    0eng d</controlfield><datafield ind1=" " ind2=" " tag="010"><subfield code="a">sn 87052156 </subfield></datafield><datafield ind1=" " ind2=" " tag="040"><subfield code="a">NPX</subfield><subfield code="b">eng</subfield><subfield code="c">NPX</subfield><subfield code="d">MQN</subfield><subfield code="d">OCLCQ</subfield></datafield><datafield ind1=" " ind2=" " tag="042"><subfield code="a">msc</subfield></datafield><datafield ind1="0" ind2="0" tag="245"><subfield code="a">Miami index.</subfield></datafield><datafield ind1=" " ind2=" " tag="260"><subfield code="a">Miami, Saline County, Mo. :</subfield><subfield code="b">Calhoon &amp; Kerby</subfield></datafield><datafield ind1=" " ind2=" " tag="300"><subfield code="a">v.</subfield></datafield><datafield ind1=" " ind2=" " tag="310"><subfield code="a">Weekly</subfield></datafield><datafield ind1="1" ind2=" " tag="362"><subfield code="a">Began in 1874? Ceased in 1880?</subfield></datafield><datafield ind1=" " ind2=" " tag="588"><subfield code="a">Description based on: Vol. 1, no. 5 (Apr. 17, 1874).</subfield></datafield><datafield ind1=" " ind2=" " tag="752"><subfield code="a">United States</subfield><subfield code="b">Missouri</subfield><subfield code="c">Saline</subfield><subfield code="d">Miami.</subfield></datafield><datafield ind1="0" ind2="0" tag="785"><subfield code="t">Saline County index (Slater, Mo.)</subfield><subfield code="w">(DLC)sn 89066451</subfield></datafield></record>